2332 3126
513 340 992 383 ‘INTJMATJONS
1034 342 1118 384 OF
1152 344 1664 391 JMMORTALJTYJ
1861 357 1955 402 213

356 568 488 633 χθών
519 588 570 616 τε
601 567 807 632 γέγηθεν
840 566 1025 625 ἅπασα,
1061 571 1465 637 φιλοφροσύνῃσί
1495 572 1534 621 τ’
1571 573 1747 624 ἀνεῖται

356 715 527 766 πόντος
561 712 681 776 ὁμοῦ
716 713 797 763 καὶ
829 715 959 778 γαῖα,
999 714 1122 780 θέρει
1156 736 1206 764 τε
1241 715 1335 765 σὺν
1367 717 1618 783 ήπιοθύμῳ

356 860 496 909 πάνθ’
530 859 611 924 οἶμ’
647 861 929 926 ἑορτάζοντα
964 860 1222 925 συνήδεται
1256 862 1392 913 ἔθνεα
1428 865 1602 931 θηρῶν·

358 1006 649 1073 Εὖφροσύνῃ
685 1007 794 1071 φίλε
836 1009 988 1073 κοῦρε,
1029 1008 1094 1058 σύ
1130 1007 1170 1058 δ’
1203 1009 1330 1074 ἀμφί
1360 1032 1443 1074 μοι
1478 1011 1582 1078 αἶρε
1614 1015 1809 1079 βοητύν,

358 1156 554 1211 οἶοπόλ’,
593 1157 653 1209 ὥς
683 1156 933 1221 ὀλόλυγμα
965 1157 1115 1222 τορῶς
1150 1157 1304 1215 σέθεν,
1342 1157 1487 1220 ὄλβι’,
1525 1161 1693 1210 ἀκούω.

424 1306 603 1361 ἔκλυον,
641 1304 697 1354 οὔ
729 1326 790 1369 με
822 1305 1054 1370 παρῆλθε,
1090 1306 1400 1370 μακάρτατοι,
1438 1306 1517 1372 οἷα
1554 1308 1733 1374 θροεῖτε

359 1448 568 1498 ἀντίτυπ’
605 1448 843 1511 ἀλλήλοις,
883 1445 984 1496 ἴδον
1018 1446 1293 1512 ἀνθεστήρι’
1329 1446 1540 1512 ἀγόντων

358 1588 507 1654 αἰθέρ’
538 1586 713 1653 ὕπερθε
744 1587 970 1652 γελῶντα,
1007 1587 1205 1652 πάρειμι
1246 1585 1299 1635 δὲ
1339 1586 1511 1640 καύτὸς
1541 1589 1683 1655 ἑορτῇ

360 1730 524 1782 ὅσσον
556 1731 864 1797 ὁμοφρονέειν
894 1751 964 1796 γε,
1004 1731 1155 1793 κόμας
1188 1729 1228 1779 τ’
1265 1729 1482 1796 ἀνέδησα
1516 1732 1597 1780 καὶ
1630 1731 1768 1786 αὐτὸς

361 1876 492 1943 μυρί’
527 1877 788 1940 ἶαινόμενος
819 1875 940 1939 μετὰ
974 1874 1110 1940 μυρί’
1147 1876 1496 1938 ἰαινομένοισιν.

364 2017 398 2082 ἦ
430 2018 565 2083 μάλα
599 2037 679 2066 κεν
711 2019 849 2066 πελοι
881 2013 1015 2081 ἦμαρ
1051 2014 1274 2064 ἀναίσιον
1309 2016 1349 2064 εἰ
1384 2015 1599 2081 σκυθρός
1633 2016 1732 2081 εἴην

398 2163 421 2177 Α
496 2162 509 2179 2
560 2160 573 2179 ἱ
642 2158 666 2179 ’9
692 2160 705 2177 9
758 2159 771 2176 ’
788 2160 844 2209 Ἀθ
898 2159 955 2208 θ)
1131 2163 1160 2208 λ
1328 2160 1378 2207 λ]
1519 2159 1540 2177 Q

366 2183 450 2212 νυν
485 2182 579 2227 εγω
614 2181 693 2209 ευτ
740 2181 810 2223 ηω
846 2181 862 2208 ι
929 2180 1063 2225 ερους
1096 2181 1130 2224 γ
1162 2180 1327 2223 υκυμει
1360 2180 1467 2225 ιχου
1502 2181 1602 2225 ωρῃ

366 2307 485 2372 γαῖα
516 2305 604 2369 μὲν
636 2303 842 2370 ἀγλαΐην
874 2303 1228 2370 περιβάλλεται,
1266 2304 1316 2351 ἐν
1350 2301 1402 2351 δὲ
1435 2303 1649 2368 νάπῃσιν

369 2448 495 2499 ἄνθε’
532 2447 870 2513 ἀνηρίθμοισιν
904 2445 1163 2511 ἐερσ-ήεντα
1197 2443 1449 2510 ὃρέπονται

369 2595 534 2650 παῖδες
566 2596 677 2649 ἑκάς
708 2616 760 2645 τε
793 2597 942 2648 πέλας
975 2615 1036 2652 τε,
1075 2594 1217 2658 φίλον
1250 2592 1289 2642 τ’
1326 2590 1630 2658 ἐπιδέδρομεν
1664 2592 1792 2658 εἴλης

374 2745 544 2808 καῦμα,
579 2744 765 2809 βρέφος
798 2744 838 2793 τ’
872 2743 1179 2809 ἀνάθρωσκει
1214 2743 1263 2791 ἐν
1298 2739 1627 2807 ἀγκαλίδεσσι
1660 2742 1907 2806 τεκούσης·
