<?xml version="1.0" encoding="UTF-8"?>
<!DOCTYPE html PUBLIC "-//W3C//DTD XHTML 1.0 Transitional//EN"
    "http://www.w3.org/TR/xhtml1/DTD/xhtml1-transitional.dtd">
<html xmlns="http://www.w3.org/1999/xhtml" xml:lang="en" lang="en">
 <head>
  <title>
</title>
<meta http-equiv="Content-Type" content="text/html;charset=utf-8" />
  <meta name='ocr-system' content='tesseract 3.04.00' />
  <meta name='ocr-capabilities' content='ocr_page ocr_carea ocr_par ocr_line ocrx_word'/>
</head>
<body>
  <div class='ocr_page' id='page_1' title='image "./translationsinto00jebbrich_0039.png"; bbox 0 0 2332 3126; ppageno 0'>
   <div class='ocr_carea' id='block_1_1' title="bbox 948 278 1303 320">
    <p class='ocr_par' dir='ltr' id='par_1_1' title="bbox 948 278 1303 320">
     <span class='ocr_line' id='line_1_1' title="bbox 948 278 1303 320; baseline -0.003 0"><span class='ocrx_word' id='word_1_1' title='bbox 948 278 1303 320; x_wconf 83' lang='lat' dir='ltr'><em>TITHONUS.</em></span> 
     </span>
    </p>
   </div>
   <div class='ocr_carea' id='block_1_2' title="bbox 214 497 1713 1923">
    <p class='ocr_par' dir='ltr' id='par_1_2' title="bbox 254 497 1573 812">
     <span class='ocr_line' id='line_1_2' title="bbox 256 497 1573 566; baseline -0.002 -17"><span class='ocrx_word' id='word_1_2' title='bbox 256 500 336 549; x_wconf 94' lang='lat' dir='ltr'>ille</span> <span class='ocrx_word' id='word_1_3' title='bbox 371 518 468 566; x_wconf 90' lang='lat' dir='ltr'>ego</span> <span class='ocrx_word' id='word_1_4' title='bbox 502 501 543 549; x_wconf 91' lang='lat' dir='ltr'>si</span> <span class='ocrx_word' id='word_1_5' title='bbox 578 501 726 564; x_wconf 88' lang='lat' dir='ltr'>spiro,</span> <span class='ocrx_word' id='word_1_6' title='bbox 763 517 914 564; x_wconf 92' lang='lat' dir='ltr'>quam</span> <span class='ocrx_word' id='word_1_7' title='bbox 949 517 1050 548; x_wconf 91' lang='lat' dir='ltr'>non</span> <span class='ocrx_word' id='word_1_8' title='bbox 1085 499 1180 548; x_wconf 92' lang='lat' dir='ltr'>hoc</span> <span class='ocrx_word' id='word_1_9' title='bbox 1214 499 1364 547; x_wconf 94' lang='lat' dir='ltr'>corde</span> <span class='ocrx_word' id='word_1_10' title='bbox 1397 497 1573 547; x_wconf 90' lang='lat' dir='ltr'>tuebar</span> 
     </span>
     <span class='ocr_line' id='line_1_3' title="bbox 254 620 1532 687; baseline -0.002 -17"><span class='ocrx_word' id='word_1_11' title='bbox 254 620 463 687; x_wconf 84' lang='lat' dir='ltr'><strong>gliscere</strong></span> <span class='ocrx_word' id='word_1_12' title='bbox 497 632 549 671; x_wconf 90' lang='lat' dir='ltr'>te</span> <span class='ocrx_word' id='word_1_13' title='bbox 582 623 786 687; x_wconf 89' lang='lat' dir='ltr'>cingens</span> <span class='ocrx_word' id='word_1_14' title='bbox 820 623 961 672; x_wconf 90' lang='lat' dir='ltr'>iubar</span> <span class='ocrx_word' id='word_1_15' title='bbox 993 633 1045 671; x_wconf 91' lang='lat' dir='ltr'>et</span> <span class='ocrx_word' id='word_1_16' title='bbox 1078 621 1306 687; x_wconf 88' lang='lat' dir='ltr'>pallentis</span> <span class='ocrx_word' id='word_1_17' title='bbox 1339 621 1532 685; x_wconf 89' lang='lat' dir='ltr'>apricos</span> 
     </span>
     <span class='ocr_line' id='line_1_4' title="bbox 256 746 1507 812; baseline 0 -18"><span class='ocrx_word' id='word_1_18' title='bbox 256 756 387 796; x_wconf 90' lang='lat' dir='ltr'>stare</span> <span class='ocrx_word' id='word_1_19' title='bbox 421 746 576 795; x_wconf 91' lang='lat' dir='ltr'>comis</span> <span class='ocrx_word' id='word_1_20' title='bbox 609 748 760 796; x_wconf 90' lang='lat' dir='ltr'>cirros</span> <span class='ocrx_word' id='word_1_21' title='bbox 795 748 1069 812; x_wconf 87' lang='lat' dir='ltr'>miramque</span> <span class='ocrx_word' id='word_1_22' title='bbox 1101 747 1266 797; x_wconf 88' lang='lat' dir='ltr'>subire</span> <span class='ocrx_word' id='word_1_23' title='bbox 1298 746 1507 796; x_wconf 89' lang='lat' dir='ltr'>videbar</span> 
     </span>
    </p>

    <p class='ocr_par' dir='ltr' id='par_1_3' title="bbox 256 868 1655 1168">
     <span class='ocr_line' id='line_1_5' title="bbox 256 868 1655 936; baseline -0.001 -17"><span class='ocrx_word' id='word_1_24' title='bbox 256 881 308 921; x_wconf 91' lang='lat' dir='ltr'>te</span> <span class='ocrx_word' id='word_1_25' title='bbox 341 871 584 920; x_wconf 85' lang='lat' dir='ltr'>subeunte</span> <span class='ocrx_word' id='word_1_26' title='bbox 618 872 793 932; x_wconf 88' lang='lat' dir='ltr'>vicem,</span> <span class='ocrx_word' id='word_1_27' title='bbox 831 872 1029 936; x_wconf 91' lang='lat' dir='ltr'>penitus</span> <span class='ocrx_word' id='word_1_28' title='bbox 1063 871 1223 936; x_wconf 87' lang='lat' dir='ltr'>magis</span> <span class='ocrx_word' id='word_1_29' title='bbox 1257 888 1372 920; x_wconf 92' lang='lat' dir='ltr'>ossa</span> <span class='ocrx_word' id='word_1_30' title='bbox 1405 868 1655 919; x_wconf 86' lang='lat' dir='ltr'>calescens</span> 
     </span>
     <span class='ocr_line' id='line_1_6' title="bbox 258 993 1611 1058; baseline -0.001 -17"><span class='ocrx_word' id='word_1_31' title='bbox 258 1010 358 1057; x_wconf 93' lang='lat' dir='ltr'>quo</span> <span class='ocrx_word' id='word_1_32' title='bbox 393 1003 566 1056; x_wconf 90' lang='lat' dir='ltr'>portae</span> <span class='ocrx_word' id='word_1_33' title='bbox 602 994 760 1058; x_wconf 87' lang='lat' dir='ltr'>magis</span> <span class='ocrx_word' id='word_1_34' title='bbox 791 1003 843 1042; x_wconf 91' lang='lat' dir='ltr'>et</span> <span class='ocrx_word' id='word_1_35' title='bbox 876 994 1027 1043; x_wconf 91' lang='lat' dir='ltr'>rubor</span> <span class='ocrx_word' id='word_1_36' title='bbox 1059 994 1349 1043; x_wconf 85' lang='lat' dir='ltr'>ardescebat</span> <span class='ocrx_word' id='word_1_37' title='bbox 1382 993 1611 1042; x_wconf 91' lang='lat' dir='ltr'>obortae!</span> 
     </span>
     <span class='ocr_line' id='line_1_7' title="bbox 259 1117 1512 1168; baseline -0.002 -1"><span class='ocrx_word' id='word_1_38' title='bbox 259 1129 314 1167; x_wconf 92' lang='lat' dir='ltr'>at</span> <span class='ocrx_word' id='word_1_39' title='bbox 347 1128 434 1166; x_wconf 90' lang='lat' dir='ltr'>tua</span> <span class='ocrx_word' id='word_1_40' title='bbox 464 1117 602 1168; x_wconf 90' lang='lat' dir='ltr'>labra</span> <span class='ocrx_word' id='word_1_41' title='bbox 636 1119 758 1168; x_wconf 91' lang='lat' dir='ltr'>mihi</span> <span class='ocrx_word' id='word_1_42' title='bbox 792 1120 1018 1168; x_wconf 88' lang='lat' dir='ltr'>crebrum</span> <span class='ocrx_word' id='word_1_43' title='bbox 1053 1119 1310 1168; x_wconf 90' lang='lat' dir='ltr'>irrorantia</span> <span class='ocrx_word' id='word_1_44' title='bbox 1344 1128 1512 1167; x_wconf 89' lang='lat' dir='ltr'>nectar</span> 
     </span>
    </p>

    <p class='ocr_par' dir='ltr' id='par_1_4' title="bbox 259 1243 1671 1682">
     <span class='ocr_line' id='line_1_8' title="bbox 259 1243 1671 1310; baseline -0.001 -19"><span class='ocrx_word' id='word_1_45' title='bbox 259 1261 319 1292; x_wconf 94' lang='lat' dir='ltr'>os</span> <span class='ocrx_word' id='word_1_46' title='bbox 352 1243 666 1309; x_wconf 90' lang='lat' dir='ltr'>frontemque</span> <span class='ocrx_word' id='word_1_47' title='bbox 700 1246 886 1295; x_wconf 87' lang='lat' dir='ltr'>dabant</span> <span class='ocrx_word' id='word_1_48' title='bbox 920 1247 1152 1310; x_wconf 90' lang='lat' dir='ltr'>resupino</span> <span class='ocrx_word' id='word_1_49' title='bbox 1188 1257 1238 1295; x_wconf 94' lang='lat' dir='ltr'>et</span> <span class='ocrx_word' id='word_1_50' title='bbox 1270 1245 1457 1294; x_wconf 91' lang='lat' dir='ltr'>lumina</span> <span class='ocrx_word' id='word_1_51' title='bbox 1491 1244 1671 1293; x_wconf 89' lang='lat' dir='ltr'>circum</span> 
     </span>
     <span class='ocr_line' id='line_1_9' title="bbox 261 1367 1616 1436; baseline -0.002 -17"><span class='ocrx_word' id='word_1_52' title='bbox 261 1369 430 1420; x_wconf 92' lang='lat' dir='ltr'>oscula</span> <span class='ocrx_word' id='word_1_53' title='bbox 463 1371 575 1435; x_wconf 93' lang='lat' dir='ltr'>quis</span> <span class='ocrx_word' id='word_1_54' title='bbox 605 1387 790 1419; x_wconf 90' lang='lat' dir='ltr'>vernae</span> <span class='ocrx_word' id='word_1_55' title='bbox 822 1388 922 1419; x_wconf 91' lang='lat' dir='ltr'>non</span> <span class='ocrx_word' id='word_1_56' title='bbox 955 1370 1181 1436; x_wconf 87' lang='lat' dir='ltr'>germina</span> <span class='ocrx_word' id='word_1_57' title='bbox 1212 1370 1413 1418; x_wconf 86' lang='lat' dir='ltr'>suavius</span> <span class='ocrx_word' id='word_1_58' title='bbox 1447 1367 1616 1417; x_wconf 84' lang='lat' dir='ltr'>halant</span> 
     </span>
     <span class='ocr_line' id='line_1_10' title="bbox 262 1487 1499 1559; baseline -0.003 -13"><span class='ocrx_word' id='word_1_59' title='bbox 262 1497 590 1546; x_wconf 88' lang='lat' dir='ltr'>semireducta</span> <span class='ocrx_word' id='word_1_60' title='bbox 623 1513 791 1553; x_wconf 89' lang='lat' dir='ltr'>rosae;</span> <span class='ocrx_word' id='word_1_61' title='bbox 828 1513 919 1545; x_wconf 91' lang='lat' dir='ltr'>nec</span> <span class='ocrx_word' id='word_1_62' title='bbox 949 1496 1109 1545; x_wconf 90' lang='lat' dir='ltr'>secius</span> <span class='ocrx_word' id='word_1_63' title='bbox 1139 1494 1306 1545; x_wconf 89' lang='lat' dir='ltr'>oscula</span> <span class='ocrx_word' id='word_1_64' title='bbox 1340 1487 1499 1559; x_wconf 88' lang='lat' dir='ltr'>figens</span> 
     </span>
     <span class='ocr_line' id='line_1_11' title="bbox 265 1614 1510 1682; baseline -0.004 -15"><span class='ocrx_word' id='word_1_65' title='bbox 265 1617 433 1667; x_wconf 92' lang='lat' dir='ltr'>nescio</span> <span class='ocrx_word' id='word_1_66' title='bbox 463 1617 584 1682; x_wconf 92' lang='lat' dir='ltr'>quid</span> <span class='ocrx_word' id='word_1_67' title='bbox 618 1615 873 1666; x_wconf 90' lang='lat' dir='ltr'>clementis</span> <span class='ocrx_word' id='word_1_68' title='bbox 909 1615 1251 1680; x_wconf 85' lang='lat' dir='ltr'>inexpertique</span> <span class='ocrx_word' id='word_1_69' title='bbox 1286 1614 1510 1663; x_wconf 70' lang='lat' dir='ltr'>canebas</span> 
     </span>
    </p>

    <p class='ocr_par' dir='ltr' id='par_1_5' title="bbox 214 1735 1713 1923">
     <span class='ocr_line' id='line_1_12' title="bbox 214 1735 1614 1804; baseline -0.003 -17"><span class='ocrx_word' id='word_1_70' title='bbox 214 1800 219 1804; x_wconf 25' lang='grc' dir='ltr'>ι</span> <span class='ocrx_word' id='word_1_71' title='bbox 265 1755 485 1788; x_wconf 88' lang='lat' dir='ltr'>crescere</span> <span class='ocrx_word' id='word_1_72' title='bbox 515 1737 586 1787; x_wconf 90' lang='lat' dir='ltr'>sic</span> <span class='ocrx_word' id='word_1_73' title='bbox 620 1737 808 1786; x_wconf 90' lang='lat' dir='ltr'>Phoebi</span> <span class='ocrx_word' id='word_1_74' title='bbox 843 1735 1106 1802; x_wconf 88' lang='lat' dir='ltr'>plusquam</span> <span class='ocrx_word' id='word_1_75' title='bbox 1142 1735 1348 1785; x_wconf 87' lang='lat' dir='ltr'>mortale</span> <span class='ocrx_word' id='word_1_76' title='bbox 1382 1736 1614 1785; x_wconf 89' lang='lat' dir='ltr'>recordor</span> 
     </span>
     <span class='ocr_line' id='line_1_13' title="bbox 266 1858 1713 1923; baseline -0.003 -14"><span class='ocrx_word' id='word_1_77' title='bbox 266 1876 477 1917; x_wconf 91' lang='lat' dir='ltr'>carmen,</span> <span class='ocrx_word' id='word_1_78' title='bbox 514 1870 566 1908; x_wconf 92' lang='lat' dir='ltr'>at</span> <span class='ocrx_word' id='word_1_79' title='bbox 599 1859 650 1908; x_wconf 92' lang='lat' dir='ltr'>in</span> <span class='ocrx_word' id='word_1_80' title='bbox 684 1870 844 1909; x_wconf 89' lang='lat' dir='ltr'>turres</span> <span class='ocrx_word' id='word_1_81' title='bbox 880 1858 1169 1908; x_wconf 91' lang='lat' dir='ltr'>nebulosam</span> <span class='ocrx_word' id='word_1_82' title='bbox 1202 1875 1462 1923; x_wconf 85' lang='lat' dir='ltr'>assurgere</span> <span class='ocrx_word' id='word_1_83' title='bbox 1495 1858 1713 1906; x_wconf 88' lang='lat' dir='ltr'>Troiam.</span> 
     </span>
    </p>
   </div>
   <div class='ocr_carea' id='block_1_3' title="bbox 270 1979 1798 2655">
    <p class='ocr_par' dir='ltr' id='par_1_6' title="bbox 270 1979 1798 2655">
     <span class='ocr_line' id='line_1_14' title="bbox 336 1979 1798 2032; baseline -0.002 -1"><span class='ocrx_word' id='word_1_84' title='bbox 336 2000 399 2032; x_wconf 93' lang='lat' dir='ltr'>ne</span> <span class='ocrx_word' id='word_1_85' title='bbox 433 1992 601 2031; x_wconf 90' lang='lat' dir='ltr'>tamen</span> <span class='ocrx_word' id='word_1_86' title='bbox 635 1992 892 2031; x_wconf 90' lang='lat' dir='ltr'>aeternum</span> <span class='ocrx_word' id='word_1_87' title='bbox 929 1981 1006 2029; x_wconf 92' lang='lat' dir='ltr'>his</span> <span class='ocrx_word' id='word_1_88' title='bbox 1040 1979 1263 2029; x_wconf 90' lang='lat' dir='ltr'>claustris</span> <span class='ocrx_word' id='word_1_89' title='bbox 1298 1980 1500 2029; x_wconf 88' lang='lat' dir='ltr'>orientis</span> <span class='ocrx_word' id='word_1_90' title='bbox 1535 1980 1585 2028; x_wconf 92' lang='lat' dir='ltr'>in</span> <span class='ocrx_word' id='word_1_91' title='bbox 1619 1997 1798 2029; x_wconf 90' lang='lat' dir='ltr'>aevom</span> 
     </span>
     <span class='ocr_line' id='line_1_15' title="bbox 270 2099 1468 2167; baseline -0.003 -16"><span class='ocrx_word' id='word_1_92' title='bbox 270 2102 490 2167; x_wconf 90' lang='lat' dir='ltr'>saepiar:</span> <span class='ocrx_word' id='word_1_93' title='bbox 549 2119 612 2149; x_wconf 92' lang='lat' dir='ltr'>an</span> <span class='ocrx_word' id='word_1_94' title='bbox 644 2099 728 2150; x_wconf 93' lang='lat' dir='ltr'>leti</span> <span class='ocrx_word' id='word_1_95' title='bbox 763 2101 896 2149; x_wconf 90' lang='lat' dir='ltr'>fruar</span> <span class='ocrx_word' id='word_1_96' title='bbox 930 2099 1288 2149; x_wconf 84' lang='lat' dir='ltr'>immortalibus</span> <span class='ocrx_word' id='word_1_97' title='bbox 1323 2100 1468 2148; x_wconf 88' lang='lat' dir='ltr'>heres</span> 
     </span>
     <span class='ocr_line' id='line_1_16' title="bbox 271 2221 1549 2289; baseline -0.003 -16"><span class='ocrx_word' id='word_1_98' title='bbox 271 2223 521 2289; x_wconf 91' lang='lat' dir='ltr'>amplius?</span> <span class='ocrx_word' id='word_1_99' title='bbox 556 2240 620 2272; x_wconf 91' lang='lat' dir='ltr'>en</span> <span class='ocrx_word' id='word_1_100' title='bbox 655 2224 810 2272; x_wconf 90' lang='lat' dir='ltr'>roseis</span> <span class='ocrx_word' id='word_1_101' title='bbox 845 2221 1074 2271; x_wconf 89' lang='lat' dir='ltr'>involvor</span> <span class='ocrx_word' id='word_1_102' title='bbox 1108 2223 1315 2287; x_wconf 88' lang='lat' dir='ltr'>frigidus</span> <span class='ocrx_word' id='word_1_103' title='bbox 1350 2222 1549 2279; x_wconf 90' lang='lat' dir='ltr'>umbris,</span> 
     </span>
     <span class='ocr_line' id='line_1_17' title="bbox 274 2345 1484 2413; baseline -0.002 -18"><span class='ocrx_word' id='word_1_104' title='bbox 274 2347 452 2413; x_wconf 86' lang='lat' dir='ltr'>frigida</span> <span class='ocrx_word' id='word_1_105' title='bbox 485 2346 786 2395; x_wconf 90' lang='lat' dir='ltr'>candescunt</span> <span class='ocrx_word' id='word_1_106' title='bbox 819 2356 905 2394; x_wconf 91' lang='lat' dir='ltr'>tua</span> <span class='ocrx_word' id='word_1_107' title='bbox 939 2345 1119 2401; x_wconf 86' lang='lat' dir='ltr'>limina,</span> <span class='ocrx_word' id='word_1_108' title='bbox 1157 2345 1303 2409; x_wconf 85' lang='lat' dir='ltr'>friget</span> <span class='ocrx_word' id='word_1_109' title='bbox 1336 2362 1484 2394; x_wconf 91' lang='lat' dir='ltr'>eoum</span> 
     </span>
     <span class='ocr_line' id='line_1_18' title="bbox 274 2467 1515 2534; baseline -0.007 -14"><span class='ocrx_word' id='word_1_110' title='bbox 274 2471 367 2520; x_wconf 90' lang='lat' dir='ltr'>sub</span> <span class='ocrx_word' id='word_1_111' title='bbox 402 2470 532 2534; x_wconf 90' lang='lat' dir='ltr'>pede</span> <span class='ocrx_word' id='word_1_112' title='bbox 566 2479 742 2534; x_wconf 87' lang='lat' dir='ltr'>rugato</span> <span class='ocrx_word' id='word_1_113' title='bbox 775 2467 937 2524; x_wconf 89' lang='lat' dir='ltr'>limen,</span> <span class='ocrx_word' id='word_1_114' title='bbox 975 2483 1087 2515; x_wconf 92' lang='lat' dir='ltr'>cum</span> <span class='ocrx_word' id='word_1_115' title='bbox 1123 2482 1268 2514; x_wconf 89' lang='lat' dir='ltr'>mane</span> <span class='ocrx_word' id='word_1_116' title='bbox 1303 2481 1515 2528; x_wconf 89' lang='lat' dir='ltr'>vapores</span> 
     </span>
     <span class='ocr_line' id='line_1_19' title="bbox 276 2588 1492 2655; baseline -0.005 -14"><span class='ocrx_word' id='word_1_117' title='bbox 276 2593 572 2642; x_wconf 89' lang='lat' dir='ltr'>submittunt</span> <span class='ocrx_word' id='word_1_118' title='bbox 604 2589 773 2655; x_wconf 89' lang='lat' dir='ltr'>procul</span> <span class='ocrx_word' id='word_1_119' title='bbox 808 2589 1019 2638; x_wconf 92' lang='lat' dir='ltr'>obscuro</span> <span class='ocrx_word' id='word_1_120' title='bbox 1054 2588 1302 2653; x_wconf 87' lang='lat' dir='ltr'>cingentia</span> <span class='ocrx_word' id='word_1_121' title='bbox 1335 2597 1492 2636; x_wconf 92' lang='lat' dir='ltr'>tractu</span> 
     </span>
    </p>
   </div>
   <div class='ocr_carea' id='block_1_4' title="bbox 278 2707 1634 2773">
    <p class='ocr_par' dir='ltr' id='par_1_7' title="bbox 278 2707 1634 2773">
     <span class='ocr_line' id='line_1_20' title="bbox 278 2707 1634 2773; baseline -0.004 -12"><span class='ocrx_word' id='word_1_122' title='bbox 278 2730 399 2761; x_wconf 89' lang='lat' dir='ltr'>arva</span> <span class='ocrx_word' id='word_1_123' title='bbox 433 2712 610 2761; x_wconf 91' lang='lat' dir='ltr'>domos</span> <span class='ocrx_word' id='word_1_124' title='bbox 645 2711 912 2767; x_wconf 90' lang='lat' dir='ltr'>hominum,</span> <span class='ocrx_word' id='word_1_125' title='bbox 950 2709 1062 2773; x_wconf 91' lang='lat' dir='ltr'>quis</span> <span class='ocrx_word' id='word_1_126' title='bbox 1097 2726 1246 2773; x_wconf 90' lang='lat' dir='ltr'>posse</span> <span class='ocrx_word' id='word_1_127' title='bbox 1281 2709 1440 2773; x_wconf 92' lang='lat' dir='ltr'>perire</span> <span class='ocrx_word' id='word_1_128' title='bbox 1474 2707 1634 2756; x_wconf 92' lang='lat' dir='ltr'>beatis</span> 
     </span>
    </p>
   </div>
   <div class='ocr_carea' id='block_1_5' title="bbox 1933 280 1993 327">
    <p class='ocr_par' dir='ltr' id='par_1_8' title="bbox 1933 280 1993 327">
     <span class='ocr_line' id='line_1_21' title="bbox 1933 280 1993 327; baseline 0 0"><span class='ocrx_word' id='word_1_129' title='bbox 1933 280 1993 327; x_wconf 85' lang='lat'>23</span> 
     </span>
    </p>
   </div>
  </div>
 </body>
</html>
