2332 3126
940 300 1293 344 TJTHONUS.

251 534 329 583 hic
363 534 550 583 cunctis
585 532 871 590 claudenda,
908 533 986 582 hic
1020 531 1185 582 clausa
1220 533 1509 596 probabitur
1542 544 1690 582 aetas.

314 653 565 702 intremuit
598 651 815 717 zephyro
851 652 1036 700 nubes:
1084 649 1296 699 hIemale
1331 667 1554 699 meorum

246 784 398 816 nosco
433 765 547 816 exul
581 766 708 827 litus,
747 766 879 814 senis
915 763 1209 814 incunabula
1245 782 1407 814 nosco.

247 901 362 933 ecce
396 893 482 932 tuo
514 883 664 932 miror
698 882 762 931 de
796 883 981 931 vertice
1016 882 1182 931 lumen
1218 883 1343 939 oriri,

247 1003 397 1051 miror
430 1002 494 1050 ab
528 1000 777 1050 ambrosio
812 1017 911 1048 non
947 997 1219 1048 enarrabile
1254 998 1393 1056 collo,

247 1119 396 1167 miror
429 1117 521 1166 rite
556 1133 738 1166 novam
773 1116 1018 1164 sumentia
1052 1125 1252 1179 pectora
1286 1115 1452 1163 vitam.

246 1232 443 1296 iamque
478 1240 649 1295 tepere
682 1246 838 1295 genas
873 1228 1057 1277 sensim
1092 1237 1144 1276 et
1177 1225 1524 1291 splendescere
1559 1244 1707 1276 cerno

246 1346 471 1396 instantis
506 1343 675 1394 dulces
709 1342 889 1400 oculos,
927 1342 1138 1391 necdum
1173 1341 1375 1390 orbibus
1410 1340 1476 1389 illi

243 1472 377 1512 astra
410 1461 648 1510 hebetant
681 1457 854 1523 plenis,
894 1456 1104 1505 necdum
1140 1452 1414 1503 exultantia
1448 1453 1643 1502 fervent

243 1578 393 1628 corda
426 1582 772 1640 reposcentum
807 1570 900 1620 sibi
936 1586 1065 1634 quae
1100 1568 1384 1617 moderetur
1418 1584 1671 1631 equorum,

241 1691 600 1754 effunduntque
633 1687 776 1736 iubas
810 1695 865 1733 ut
899 1699 1054 1748 opaca
1088 1680 1342 1730 volumina
1376 1697 1547 1728 currus

242 1807 470 1859 discutiat
503 1803 818 1854 tenebrarum
854 1797 1154 1862 insultetque
1189 1797 1367 1862 ignifer
1400 1796 1598 1844 umbris.

307 1936 370 1969 en
405 1929 491 1967 tua
525 1926 576 1966 te
610 1913 805 1980 quoties
841 1913 967 1961 inter
1002 1928 1113 1960 mea
1148 1921 1267 1959 vota
1301 1919 1540 1958 venustas

242 2031 412 2089 induit,
450 2039 718 2094 expectans
753 2026 874 2091 quid
910 2041 1205 2089 responsura
1241 2023 1446 2072 moreris

242 2148 445 2197 deseror
479 2154 530 2194 et
563 2142 775 2192 lacrimis
809 2150 976 2189 astans
1012 2147 1233 2186 umector
1267 2135 1441 2185 euntis.

1922 311 1976 342 21

310 2276 410 2323 quo
446 2254 658 2306 lacrimis
692 2269 773 2301 me
797 2267 955 2315 usque
979 2248 1234 2298 exanimas
1255 2247 1273 2295 ?
1309 2264 1410 2311 quo
1435 2263 1515 2294 me
1540 2262 1698 2310 usque
1725 2245 1980 2293 timentem

244 2391 307 2423 ne
341 2371 405 2421 sit
439 2387 628 2430 verum,
665 2366 821 2432 angis,
860 2363 996 2429 quod
1031 2379 1195 2427 egeno
1229 2360 1351 2409 lucis
1387 2361 1435 2408 in
1471 2377 1598 2409 aevo

245 2493 388 2534 nocte
421 2481 732 2531 laborantum
769 2477 968 2527 memini
1005 2475 1303 2541 portendere
1338 2474 1534 2530 famam,

245 2601 390 2664 ipsos,
417 2614 546 2662 quae
582 2594 822 2651 dederint,
850 2609 948 2641 non
986 2607 1134 2655 posse
1171 2605 1422 2638 resumere
1459 2587 1604 2636 divos
1632 2587 1651 2635 ?

312 2715 393 2764 hei
430 2713 563 2774 mihi,
601 2729 751 2777 quam
790 2726 889 2759 non
925 2709 1002 2756 his
1037 2705 1190 2756 oculis
1227 2704 1478 2753 Tithonus
1515 2702 1791 2760 inhaerens,
