2332 3126
552 326 1036 369 ‘INTJMATIONS
1079 325 1163 368 OF
1197 324 1707 367 IMMORTALITY!
1905 327 1994 359 221

398 551 634 617 κωμωδῶν
690 551 731 600 δ’
770 552 939 617 ἐσάγει
979 549 1040 600 τὰ
1091 551 1178 614 μὲν
1216 549 1325 616 α”ρτι
1360 551 1618 615 πρόσωπα,
1654 549 1715 598 τοὶ
1750 548 1789 598 δ’
1826 548 1945 613 ἑξῆς,

399 693 675 752 παντοὸάπ’,
713 695 762 744 ἐν
803 693 855 743 δὲ
893 695 1119 759 γέροντας
1161 690 1453 757 ἐκωμῴὸησε
1484 691 1710 740 τελευτῶν

398 838 504 904 γυῖ’
541 838 736 902 ἀμενεῖς,
774 837 987 887 ὄσσοισι
1020 836 1131 898 βίος
1167 835 1262 885 σὺν
1296 835 1480 884 ὀπάοσι
1513 833 1711 898 πομπὴν

400 984 574 1046 πέμπει
607 981 886 1046 ἐφημερίων,
931 980 990 1032 ὦς
1028 978 1115 1027 οὐκ
1156 977 1231 1043 ἄρ’
1269 977 1339 1026 ἐπ’
1376 975 1496 1025 ἄλλο
1530 997 1575 1026 τι
1609 975 1800 1042 ταχθεὶς

400 1125 527 1190 πλὴν
557 1124 680 1179 τόδε,
716 1125 946 1189 μιμήσεις
978 1123 1250 1186 μιμήσεσιν
1284 1119 1442 1185 ἕμπεδ’
1479 1119 1709 1183 ἀμείβειν.
1770 1117 1797 1139 ⁰

471 1267 509 1317 ὦ
544 1269 740 1334 βρέφος,
778 1263 835 1315 οὗ
870 1264 1022 1314 δοκέει
1056 1264 1240 1328 φαῦλον
1275 1261 1419 1325 δέμας
1456 1261 1745 1327 εἰσορόωντι,

406 1398 532 1448 ἀλλὰ
569 1399 796 1448 σύνοικον
830 1396 929 1462 ἔχει
962 1395 1120 1460 ψυχῆς
1153 1396 1280 1459 μέγα
1315 1393 1488 1458 κάρτος
1523 1392 1734 1457 ἀπείρου·

407 1532 445 1583 ὦ
478 1534 745 1598 πανάριστε
786 1531 970 1595 σοφῶν,
1011 1527 1063 1582 ὃς
1097 1527 1157 1577 ἔτ’
1194 1526 1451 1592 οὐρανόθεν
1487 1526 1548 1574 τά
1581 1524 1620 1573 τ’
1663 1522 1805 1582 ἐδέξω

410 1676 599 1734 σώζεαι,
639 1673 688 1722 ἔν
723 1693 773 1721 τε
806 1672 1035 1737 τυφλοῖσι
1071 1670 1265 1731 βλέπων
1300 1667 1457 1731 μόνος,
1499 1663 1605 1714 οὔτε
1641 1685 1687 1713 τι
1721 1662 1888 1727 φωνῶν

410 1805 518 1856 οὔτε
556 1805 721 1862 κλύων,
763 1802 919 1869 δέρκει
955 1800 1143 1853 τελετὰς
1185 1800 1352 1850 αἰῶνος
1393 1796 1642 1859 ἀβύσσου,

412 1937 514 1989 ταῖς
552 1956 614 1986 σε
646 1935 754 1987 νόος
790 1935 945 1998 μυέων
985 1931 1173 1982 αἰώνιος
1215 1928 1304 1977 οὐκ
1345 1927 1594 1991 ἀπολήγει·

413 2071 556 2135 μάντι
588 2070 802 2134 μέγιστε,
840 2066 1070 2126 πάνολβε,
1114 2060 1411 2124 καταστεφὲς
1446 2055 1818 2123 οὗρανοδείκτων

416 2203 496 2253 οἶα,
535 2201 632 2251 διαὶ
664 2200 780 2262 βίου
815 2197 981 2263 ἄνδρες
1011 2194 1219 2259 ἀμαυροὶ
1262 2191 1588 2256 ψηλαφόωμεν

419 2340 486 2390 εῖν
526 2336 707 2404 ὅρφνῃς
742 2333 1064 2399 πλαγχθέντες
1099 2328 1382 2393 ἀναυγήτοις
1417 2323 1595 2374 Ἀΐδαο·

420 2476 527 2525 σεῖο
563 2472 660 2539 γοὶρ
699 2471 933 2521 ἀθάνατος
973 2466 1153 2530 δαίμων
1189 2462 1460 2527 ’Ὑπερίονος
1493 2458 1662 2523 αὐγαῖς

419 2602 532 2655 ἶσος
563 2600 927 2665 ὖπερκρέμαται,
964 2592 1202 2656 βασιλεύς
1237 2590 1278 2639 θ’
1316 2588 1376 2641 ὦς
1412 2587 1556 2650 θῆτος
1590 2583 1827 2633 ἀνάσσων

423 2737 622 2802 ἦνεκέως
661 2756 711 2784 τε
747 2734 957 2798 πάρεστι
995 2730 1075 2779 καὶ
1110 2728 1196 2778 οὐκ
1232 2726 1378 2776 ἕθελει
1411 2720 1709 2789 παρεῶσθαι·
