2332 3126
541 350 1017 392 ‘INTIMATIONS
1061 350 1144 392 OF
1177 349 1687 392 JMMORTALITY?

380 582 467 631 οὐκ
502 580 687 648 ἀνδρῶν
721 583 881 647 φύσις,
919 581 974 631 οὗ
1005 580 1198 639 παίδων,
1236 581 1322 631 οὐκ
1357 581 1401 632 εἷ
1430 604 1475 632 τι
1511 583 1719 647 κατέστη

382 745 605 813 δύσφρον
639 749 984 814 ἐϋφροσύνῃσι,
1022 749 1327 815 πανώλεθρον
1361 747 1659 809 ἐξαλαπάξει.

448 911 626 962 τοῦνεκ’
663 911 738 979 ἄρ’
774 913 1042 980 ἀκραιφνὴς
1075 916 1282 979 νεφελῶν
1319 914 1399 965 ὅτε
1431 917 1666 967 πέπταται
1699 916 1844 984 αἴθρη

383 1079 553 1145 καίπερ
589 1078 684 1129 ἄνω
717 1081 852 1144 μα’λα
885 1081 1061 1142 βάντες
1095 1078 1223 1145 ὅμως
1256 1081 1434 1147 φρεσὶν
1468 1082 1761 1147 εἰσορόωμεν

380 1248 583 1315 ἄφθιτον
618 1248 673 1300 ὃν
706 1251 984 1304 πλώσαντες
1019 1253 1285 1316 ἐκέλσαμεν
1319 1251 1487 1303 ἐνθάδε
1526 1254 1714 1311 πόντον,

376 1419 535 1484 ῥίμφα
568 1418 607 1467 τ’
644 1419 801 1467 ἐκεῖσε
834 1417 1077 1482 ποτώμεθ’
1114 1417 1184 1467 ἐπ’
1219 1417 1449 1482 ἦϊόνεσσί
1476 1439 1527 1467 τε
1559 1416 1733 1472 παῖδας

380 1582 629 1651 δερκόμεθ
666 1583 716 1633 οἵ
745 1585 995 1633 ποιέουσιν
1029 1581 1281 1648 ἀθύρματα
1310 1583 1579 1647 νηπιέῃσιν,

379 1751 525 1818 οἶδμσῖ
560 1751 600 1802 τ’
636 1749 904 1817 ἄφραστον,
943 1748 1196 1799 ἄπαυστον
1229 1749 1528 1814 {77770’9651063
1561 1749 1796 1799 ὠκεανοῖο.

446 1923 551 1973 ἀλλ’
588 1921 714 1988 ἄγετ’
750 1920 835 1970 οὖν
868 1921 1072 1983 εὔθυμον
1105 1918 1269 1968 οἶείδετ’
1306 1918 1469 1968 ἀείδετ’
1505 1917 1672 1982 ἀοιδὴν

380 2084 575 2151 ὄρνιθες,
611 2083 736 2133 ποσί
767 2082 806 2132 τ’
840 2079 978 2146 α”ρνες
1012 2080 1131 2143 ὁμοῦ
1167 2080 1267 2129 νέαι
1302 2078 1404 2128 οἷον
1437 2077 1513 2128 ὑπ’
1550 2077 1707 2127 αὐλῶν

380 2251 610 2319 σκαίρετ’“
654 2253 702 2300 ἐν
736 2250 943 2316 ὑμετέρῳ
987 2246 1038 2296 δὲ
1068 2248 1200 2314 χορῷ
1237 2247 1306 2295 κεί
1340 2245 1408 2310 μὴ
1443 2244 1592 2295 ποσὶν
1624 2243 1759 2308 ἡμεῖς

379 2424 506 2476 ἀλλὰ
536 2425 628 2489 νόῳ
662 2423 708 2489 γ’
745 2420 828 2472 οὖν
864 2419 999 2471 κοινὰ
1034 2420 1336 2486 χορεύσομεν
1370 2416 1420 2466 οἵ
1447 2415 1489 2466 τ’
1529 2414 1711 2465 αὗλεῖτε

380 2595 451 2649 οἷς
486 2615 536 2644 τε
576 2594 708 2658 μέλει
743 2591 925 2650 παίζειν
962 2589 1011 2638 οἵ
1044 2588 1083 2638 τ’
1122 2590 1171 2638 ἐν
1209 2588 1358 2654 φρεσὶ
1400 2587 1616 2653 σήμερον
1655 2585 1761 2636 ἴστε

378 2767 613 2834 μειλίχιον
645 2766 799 2832 θέρεος
839 2762 1142 2829 στέργηθρον
1178 2761 1518 2825 ἐνισταμένοιο.

1892 356 1986 403 227
