2332 3126
552 334 1037 377 ‘INTJMATIONS
1079 334 1162 376 OF
1195 334 1708 377 JMMORTALJTYJ

397 562 496 612 εἶτα
529 562 577 611 τί
609 560 680 610 δεῖ
711 562 867 626 γοάαν
902 562 972 610 κεί
1005 561 1169 625 μηκέτ’
1206 562 1446 624 ἐπόψομαι
1481 560 1653 627 αἴγλην

395 716 482 782 τὴν
515 718 621 767 τότε
653 716 1059 783 μαρμαρόεσσαν,
1098 715 1259 765 ἔπεισί
1285 735 1336 764 τε
1368 713 1542 779 μήποτ’
1580 715 1779 765 ὀπίσσω

397 874 546 926 κεῖνος
581 872 685 936 ἐμοὶ
718 873 892 938 χρόνος
927 868 1061 923 αὖθις
1096 869 1163 919 ὅτ’
1201 870 1455 936 οἷγρονόμῳ
1490 870 1749 922 θεόσεπτος

398 1030 447 1076 ἐν
480 1028 594 1092 ποίῃ
625 1048 693 1079 τις
728 1026 939 1090 ἔλαμπεν
974 1026 1158 1088 ἔλαμπε
1193 1023 1234 1073 δ’
1271 1025 1341 1074 ἐπ’
1378 1023 1576 1075 ἄνθεσιν
1610 1023 1767 1090 αὐγῆς

400 1179 455 1230 οὐ
489 1180 678 1229 ποθέειν
710 1178 807 1245 χρὴ
844 1177 1013 1245 φροῦδ’
1050 1177 1155 1226 ἀλλ’
1192 1178 1438 1244 ἐρρῶσθαι
1472 1178 1757 1242 φρονέοντας

400 1338 541 1389 ὅσσα
574 1340 715 1402 μένει·
768 1337 873 1401 τοίη
911 1337 1131 1401 θνητοῖσι
1165 1335 1284 1402 πρὸς
1319 1335 1545 1402 ἄμβροτα
1577 1335 1737 1399 μίμνει

401 1501 682 1566 πρώταρχος
717 1498 915 1564 φιλότης
948 1497 980 1562 ἥ
1011 1497 1050 1547 τ’
1088 1497 1147 1550 ὦς
1178 1495 1336 1563 γέγον’
1374 1496 1473 1545 αἰὲν
1505 1494 1563 1544 ἂν
1598 1494 1683 1559 εἴη·

401 1663 662 1726 μίμνουσιν
697 1659 750 1709 δὲ
782 1661 978 1726 βροτοῖς
1013 1661 1065 1708 ἐκ
1100 1660 1348 1722 πημονέων
1381 1657 1658 1722 παλίνορτοι

404 1822 652 1890 φροντίδες
686 1821 930 1886 ἦδύπνοοι,
968 1822 1132 1873 πίστις
1165 1821 1293 1884 μένει
1326 1817 1361 1883 ἥ
1394 1839 1444 1867 τε
1479 1816 1674 1884 δέδορκε

405 1984 485 2033 καὶ
518 1983 572 2033 τὸ
607 1984 757 2049 πέρην
793 1983 1028 2039 θανάτοιο,
1069 1983 1272 2045 μένουσι
1306 1979 1682 2044 παρηγορέοντες

406 2146 700 2210 σωφρονέειν
734 2142 960 2193 ἀδόλοισι
994 2142 1294 2208 παρηγορίῃς
1328 2139 1540 2189 ἐνιαυτοί.

473 2305 541 2368 μή
577 2305 632 2353 νύ
666 2324 752 2357 τοι,
792 2301 829 2351 ὦ
866 2303 1037 2367 κρῆναι
1074 2300 1154 2350 καὶ
1182 2298 1311 2349 πίσε’
1344 2297 1434 2364 ὅρη
1470 2318 1520 2346 τε
1555 2296 1701 2345 νάπαι
1734 2315 1784 2343 τε

408 2462 561 2512 ἔλπετ’
599 2461 663 2512 ἔθ’
701 2462 761 2515 ὥς
796 2461 1034 2526 φιλέοντες
1069 2456 1341 2523 ἀφησόμεθ
1378 2454 1749 2520 ἀντιφιλεύντων·

410 2624 493 2671 νῦν
525 2621 624 2688 γὰρ
658 2620 724 2670 ἔθ’
759 2621 1000 2685 ὑμετέροις
1033 2618 1187 2685 χαίρω
1222 2618 1354 2681 μάλα
1389 2615 1559 2680 κήροθι
1595 2615 1849 2679 θέλκτροις·

377 2779 382 2785 “
411 2770 451 2818 εἰ
487 2768 539 2818 δὲ
573 2770 685 2833 μιῆς
719 2769 940 2835 παρέηκοί
974 2789 1019 2817 τι
1053 2767 1253 2832 τέρψιος,
1292 2764 1396 2814 ἀλλ’
1433 2761 1657 2828 ἐπαοιδῇς

1907 340 2000 387 229
