2332 3126
497 324 689 367 FROM
722 324 1247 366 LONGFELLOW'S
1287 324 1694 366 ‘HYPERIONJ

304 547 505 597 alterius
540 549 716 596 tacitos
750 547 979 596 exhausit
1012 547 1117 596 vita
1151 546 1358 604 labores,

373 685 672 734 exhaustum
707 685 856 734 tacita
890 695 1051 734 morte
1085 683 1283 748 reliquit
1318 701 1476 747 opus:

308 826 399 874 sed
434 843 558 889 puer
592 825 670 874 ille
703 825 844 874 ferox
878 836 930 873 et
964 842 1123 873 ovans
1154 823 1364 872 volitare
1396 840 1487 886 per
1519 839 1607 872 ora

377 966 547 1015 martis
578 967 643 1015 ab
678 965 948 1014 horrisonis
983 964 1110 1029 fugit
1145 964 1195 1012 in
1229 974 1363 1012 astra
1398 963 1556 1012 minis.

310 1111 379 1159 sic
409 1110 533 1174 lapsi
569 1111 766 1174 quoties
800 1110 894 1158 sub
928 1109 1079 1158 corde
1115 1109 1348 1157 remetior
1381 1108 1493 1156 aevi

376 1258 602 1310 tempora
634 1246 926 1309 praeteritos
962 1245 1271 1308 respicioque
1307 1245 1428 1301 dies,

310 1386 462 1434 tristis
492 1385 764 1433 amicorum
798 1384 953 1432 viduo
988 1383 1228 1431 succurrit
1262 1383 1443 1446 imago,

377 1521 489 1586 quis
522 1521 656 1584 prior
690 1521 898 1568 obvenit
932 1537 1082 1584 quam
1119 1520 1236 1568 mihi
1273 1531 1406 1568 meta
1440 1519 1564 1568 viae.

311 1661 431 1726 quid
467 1670 634 1709 tamen
669 1669 747 1708 est
779 1658 914 1707 aliud
949 1659 1086 1722 quod
1116 1658 1276 1707 amico
1310 1668 1475 1706 nectat
1505 1658 1718 1707 amicum

380 1815 530 1864 quam
565 1797 702 1862 quod
738 1806 904 1844 mente
940 1805 1108 1860 potest
1142 1812 1284 1844 mens
1319 1795 1550 1861 propiore
1585 1794 1718 1844 frui?

312 1934 530 1983 viximus
565 1942 620 1980 ut
653 1932 832 1980 vivont
866 1942 1047 1979 exutae
1080 1948 1287 1995 corpora
1322 1941 1551 1980 mentes:

382 2071 631 2120 mentibus
664 2070 743 2118 hie
777 2070 929 2118 etiarn
964 2069 1084 2132 quid
1117 2079 1258 2117 vetat
1292 2069 1362 2116 ire
1397 2067 1586 2131 pares?

316 2215 616 2263 ivimus—at
650 2211 828 2275 triplex
863 2221 930 2266 tu,
968 2211 1188 2274 portitor,
1219 2211 1387 2273 accipe
1423 2209 1636 2266 naulum,

384 2347 550 2412 accipe
586 2363 686 2395 non
722 2346 864 2410 segni
900 2346 1033 2394 dona
1066 2362 1276 2409 repensa
1310 2362 1460 2394 manu
1487 2363 1496 2392 ε

319 2482 502 2532 scilicet
535 2499 636 2532 una
668 2481 828 2531 lacurn
861 2481 1104 2530 transibat
1139 2491 1191 2529 et
1224 2479 1380 2530 altera
1415 2498 1624 2538 mecum,

387 2622 456 2670 sic
490 2631 658 2670 tamen
694 2631 750 2670 ut
783 2622 921 2670 visus
957 2620 1147 2670 falleret
1184 2622 1359 2671 umbra
1394 2632 1519 2670 tuos.
