2332 3126
935 320 1286 364 TJTHONUS.

300 544 397 592 heu
432 546 564 594 senis
598 546 725 595 hanc
760 548 999 607 umbram,
1038 549 1173 612 prius
1208 567 1237 598 e
1271 551 1585 600 terrestribus
1620 569 1775 599 unum

234 685 387 731 quom
423 670 586 734 specie
621 672 801 721 florens
835 684 887 722 et
920 684 971 722 te
1006 674 1243 739 dignante
1277 676 1437 736 cubili,

234 793 519 858 dignabaris
553 798 700 858 enim,
739 800 974 863 quicquid
1011 800 1220 850 sublime
1258 802 1474 852 minatus

233 918 352 981 quin
388 920 532 970 darer
566 923 615 970 in
649 940 857 988 superos
890 925 1018 974 adeo
1054 926 1118 973 nil
1155 927 1299 975 rebar
1330 928 1536 976 abesse!

235 1048 479 1109 concilies,
518 1051 633 1108 dixi,
670 1051 861 1100 caelum
898 1054 1030 1102 mihi.
1102 1054 1287 1104 blanda
1322 1057 1515 1121 roganti

236 1177 440 1225 annuis:
492 1177 624 1226 haud
660 1177 801 1228 aliter
834 1190 995 1230 terrae
1030 1199 1230 1246 quoque
1265 1182 1455 1246 plenior
1490 1183 1635 1231 heres

236 1296 499 1363 largirique
534 1299 662 1349 solet
697 1319 787 1349 nec
822 1302 1004 1351 habere
1040 1305 1174 1367 quod
1211 1305 1421 1368 imputet
1452 1304 1583 1353 illud.

235 1426 325 1473 sed
361 1426 547 1475 rabiem
580 1428 842 1492 explerunt
877 1427 1073 1477 ultrices
1106 1431 1282 1478 acriter
1319 1431 1490 1479 Horae

236 1563 288 1602 et
321 1562 541 1603 stravere
574 1571 754 1619 graves
787 1565 838 1603 et
872 1565 1129 1605 mutavere
1164 1558 1388 1614 terendo,

237 1683 474 1748 quodque
509 1701 682 1733 necem
717 1685 837 1734 citra
871 1695 1113 1750 poterant,
1152 1686 1389 1734 deformis
1422 1687 1651 1734 adessem

236 1823 468 1862 aeternae
499 1813 702 1863 voluere
738 1815 1081 1879 iuventutique
1115 1825 1345 1864 senectus

238 1946 437 1994 divinae
468 1945 651 2005 divina,
689 1963 831 1994 meae
866 1945 985 1994 sacis
1015 1946 1122 2010 ipse
1155 1956 1418 2010 superstes.

241 2094 359 2125 num
394 2076 476 2125 vel
510 2094 651 2125 amor
684 2077 822 2137 tanti,
857 2076 1190 2141 pulcerrima?
1225 2078 1387 2126 sidere
1423 2095 1707 2142 quanquam

240 2207 360 2254 dum
391 2205 569 2270 loquor
603 2205 935 2269 impendente,
974 2215 1089 2254 tuae
1122 2206 1247 2255 duce
1281 2205 1526 2269 lampadis
1558 2205 1687 2267 albo,

239 2347 394 2386 su'ave
428 2346 743 2385 coruscantes
777 2335 903 2384 oculi
938 2336 1215 2384 miserantis
1246 2336 1433 2384 obortis

241 2476 375 2515 stant
407 2465 658 2514 lacrimis?
726 2464 945 2525 absolve,
984 2482 1169 2529 precor,
1208 2475 1339 2514 retro
1375 2466 1540 2513 exime
1557 2465 1774 2526 ‚donum

242 2615 328 2646 cur
361 2597 484 2647 velit
517 2598 720 2647 humani
753 2599 952 2663 generis
986 2599 1335 2648 transcendere
1370 2616 1622 2664 quoquam

243 2727 419 2776 foedus
450 2727 602 2776 homo
635 2739 721 2777 aut
755 2739 952 2777 sanctos
984 2727 1111 2776 ultra
1143 2728 1413 2792 procedere
1443 2728 1607 2776 fines?

1918 332 1975 376 19
