2332 3126
568 284 763 327 FROM
797 283 1188 326 ‘ATALANTA
1231 284 1316 325 IN
1351 283 1691 328 CALYDOM’

505 509 652 569 δόξαν
682 510 771 575 μὲν
805 511 1084 574 ἐκτήσαντο,
1119 509 1204 572 τῆς
1238 508 1279 558 δ’
1316 507 1531 568 εὐδοξίας

506 625 697 692 θρέπτρ’
732 624 1000 675 ἀντέδωκαν
1032 626 1313 691 παντρόφου
1347 625 1386 674 τ’
1422 624 1548 690 αὐγῇ
1584 626 1694 675 θεοῦ

504 741 584 791 καὶ
614 740 762 807 μητρὶ
796 742 928 807 Γαίᾳ,
964 742 1135 808 χάρμα
1166 743 1264 794 τοῖς
1297 740 1418 807 πρὸς
1451 739 1649 805 αἵματος

504 853 730 919 κήρυγμα
763 851 804 902 δ’
842 851 1078 911 εὐξένοισι
1110 853 1400 918 πολύφημον
1435 851 1619 917 δόμοις·

504 968 585 1018 καὶ
617 967 750 1018 τῶνδ’
787 967 949 1021 ἀείνως
978 967 1171 1034 εὔχαρίς
1203 968 1243 1018 τ’
1280 969 1377 1034 ἔχει
1411 969 1557 1034 λόγος

504 1086 629 1152 θέρει
665 1085 923 1145 ξυναύλους
957 1084 1041 1135 εἷθ’
1078 1084 1401 1138 ἅλικλύστους
1432 1085 1635 1139 πλάκας,

502 1198 691 1266 ἀγορῶν
724 1219 775 1249 τε
809 1200 1012 1251 κύκλους
1046 1197 1269 1260 ἀστιβεῖς
1301 1197 1341 1248 τ’
1377 1198 1575 1263 ἐρημίας

502 1315 745 1382 ἐγχωρίων
774 1336 826 1364 τε
861 1316 1084 1379 στόματα
1119 1313 1400 1380 κσῖλλοθρῶν
1431 1312 1543 1378 ἅμα.

498 1427 667 1477 λευκὸν
700 1427 740 1477 δ’
778 1427 941 1478 ἰδοῦσι
972 1429 1129 1494 γῆρας
1163 1426 1259 1477 εὖθ’
1288 1426 1457 1476 Ἀιδου
1493 1426 1649 1487 σέβας

497 1543 709 1608 στέρνων
741 1541 1121 1607 παρηβήσασαν
1155 1538 1308 1605 ἐξαμᾷ
1340 1538 1470 1602 βίαν,

500 1656 599 1722 αἷμ’
636 1655 915 1722 ἐξαμαυρῶν
949 1654 1083 1721 ὄμμα
1117 1654 1158 1705 δ’
1194 1654 1462 1720 ἀμβλωπὸν
1494 1655 1648 1708 τιθείς,

492 1773 639 1837 γέρας
671 1770 767 1821 τότ’
803 1768 904 1820 ἔστ’
940 1769 1190 1835 ἄφθαρτον
1224 1767 1557 1835 ἐξαφιγμένοις

497 1885 681 1937 κλεινὸν
714 1885 774 1936 δι’
811 1885 937 1936 αἰῶν’
971 1885 1140 1950 εὐφιλῆ
1175 1884 1214 1935 τ’
1251 1883 1537 1950 ἀπαλλαγὴν

492 1999 723 2065 μακάρων
755 1997 840 2047 τιν’
877 1999 941 2050 εἷς
975 1996 1133 2046 εὐῶπα
1165 1997 1401 2062 τηλουρόν
1434 1994 1476 2044 θ’
1512 1993 1667 2059 ἕδραν,

494 2116 768 2181 ἀνευρέτους
803 2111 1014 2178 ἀγνῶτος
1046 2111 1289 2175 Ἑσπέρου
1320 2109 1454 2174 γύας,

490 2227 571 2283 οὓς
607 2227 667 2293 δὴ
704 2228 896 2294 θέορτος
929 2227 1029 2276 αἰὲν
1064 2225 1424 2290 ἅμφελίσσεται
1480 2224 1486 2231 ’

493 2345 722 2409 ἀνήνεμος
754 2342 1042 2410 πλημμυρίς,
1079 2340 1177 2391 οὐδ’
1218 2341 1481 2392 ἀελλόπους

492 2462 820 2527 λευκοπτέροις
851 2461 1075 2525 ῥιπαῖσιν
1109 2459 1298 2525 ἔρχεται
1330 2458 1463 2523 χιών,

489 2573 546 2624 οὐ
580 2573 813 2639 σκηπτός,
851 2571 938 2621 οὐκ
972 2570 1105 2631 ὀξεῖα
1139 2569 1390 2636 ὃυσφημεῖ
1422 2569 1592 2633 ψακάς,

490 2688 547 2739 οὐ
581 2687 720 2755 καῦμ’
755 2687 936 2755 ἔφλεξε,
971 2687 1128 2737 πάντα
1162 2684 1202 2736 δ’
1239 2683 1417 2735 εὐεστὼ
1447 2684 1627 2750 τρέφει.

1882 289 1970 338 151
