2332 3126
535 366 1020 410 ‘INTJMATIONS
1062 367 1147 410 OF
1179 368 1695 413 IMMORTALJTY.’
1887 376 1977 423 225

371 592 427 641 οὐ
466 591 546 642 διὰ
585 592 695 642 κεῖν’
741 592 894 656 ἀνέβη
937 593 1084 642 παισὶν
1119 593 1230 657 ἐμός
1267 594 1372 642 ἀλλ’
1409 595 1485 643 ἐπὶ
1521 596 1717 649 τούτοις,

408 712 428 730 ν
509 713 522 730 2
583 712 604 729 v
644 712 656 729 θ
733 714 746 731 s
838 715 851 731 ι
1165 715 1178 732 t
1361 705 1368 711 '
1404 715 1416 731 ⁵
1502 715 1514 731 ³
1631 716 1645 733 t

372 734 509 762 ουνεκ
523 753 536 774 ,
575 735 646 763 οσ
698 713 934 777 αισθησει
967 735 1036 767 τις
1077 715 1319 780 φράζεται,
1362 736 1448 764 ουκ
1486 737 1751 780 αποκαμνει

369 832 496 882 ταῦτ’
532 835 577 887 ἐς
617 833 816 900 ἔλεγχον
852 832 994 899 ἄγων,
1037 835 1106 883 κεί
1146 834 1300 900 κάρτα
1335 834 1563 898 πεφυκότ’
1600 833 1830 899 ἀπορρεῖν

368 953 483 1019 πρὶν
524 955 892 1019 καταληφθῆναι
927 952 1098 1020 φροῦδ’
1136 953 1334 1020 οἴχεται·
1376 953 1549 1003 οὕνεκά
1586 953 1627 1003 θ’
1671 952 1799 1019 αὐτῷ

372 1077 466 1130 πᾶς
504 1097 573 1129 τις
609 1075 816 1129 ἄπιστος
853 1076 1027 1125 ἀλᾶται
1070 1075 1328 1142 ἀμήχανος,
1371 1075 1707 1140 ἀμφιπολεύων

373 1194 533 1259 ληπτὰ.
562 1195 650 1259 μὲν
686 1194 743 1244 οὐ
776 1194 1046 1260 περίληπτα
1087 1193 1142 1253 δ’,
1188 1193 1310 1260 ἀνήρ
1346 1193 1385 1244 τ’
1428 1194 1504 1244 ἐπὶ
1543 1195 1646 1244 θεῖα
1685 1193 1962 1260 προβαίνων

374 1312 621 1377 δαιμόνιόν
654 1334 700 1363 τι
733 1313 952 1372 πέπονθε,
989 1313 1156 1363 παθῶν
1180 1313 1220 1363 δ’
1258 1312 1354 1380 ἀρα
1389 1313 1572 1379 δείματι
1607 1316 1817 1381 φρίσσει

374 1433 496 1485 ὥσθ’
534 1433 612 1484 ὅτε
643 1456 712 1488 τις
747 1436 969 1500 φωρᾶται
1001 1435 1300 1502 ἀτασθαλίῃς
1335 1437 1600 1502 ἐπιχειρῶν·

373 1560 504 1610 ταῦτ’
540 1559 728 1626 ἄγαμαι
764 1562 844 1610 καὶ
878 1562 1019 1611 τοῦτό
1057 1560 1119 1627 γ’,
1158 1561 1392 1613 ὁθούνεκα
1424 1565 1787 1627 γιγνομένοισιν

374 1676 510 1731 εὐθὺς
544 1677 660 1744 ἔρως
693 1698 762 1731 τις
796 1677 973 1744 ἀμαύρ’
1010 1678 1393 1743 ὑπομιμνήσκων
1427 1679 1694 1743 ἐνυπάρχει,

375 1791 439 1842 ὧν
473 1792 672 1858 ἀσαφὴς
705 1794 774 1847 τίς
809 1792 884 1860 ἄρ’
921 1793 1040 1851 ἐστί,
1079 1794 1232 1858 φάους
1267 1791 1308 1842 δ’
1345 1792 1429 1843 οὖν
1464 1792 1629 1843 ὅσσον
1663 1793 1848 1858 ὁρῶμεν

375 1916 539 1984 ἅρχων
572 1918 612 1966 τ’
649 1918 909 1983 ὀρνυμένου
945 1917 1025 1967 καὶ
1060 1917 1297 1982 ὀρωρότος
1332 1917 1646 1982 ἡγεμονεύων·

374 2037 426 2092 ὅς
460 2038 502 2087 θ’
537 2038 662 2102 ἡμᾶς
697 2037 854 2104 ἀνέχει
886 2058 937 2087 τε
971 2037 1153 2103 τροφῇς
1187 2036 1226 2085 τ’
1260 2035 1502 2102 ἀγανῇσιν
1536 2035 1729 2085 ἀτάλλει

377 2160 458 2210 καὶ
493 2158 688 2210 δύναται
721 2160 874 2210 τόσον
909 2156 1037 2209 ὥστε
1069 2159 1262 2224 βροτῶν
1297 2158 1446 2207 αἰῶνα
1480 2158 1690 2222 φανῆναι

377 2284 628 2334 ἀθανάτων
662 2283 851 2344 βιότοιο
886 2284 1029 2348 μέρος
1062 2303 1107 2332 τι
1141 2282 1421 2348 βράχιστον
1456 2281 1607 2337 ἐόντα,

377 2414 594 2479 εὐφήμου
628 2410 913 2466 κελαδεινόν,
951 2411 1193 2476 ἐφήμερον
1227 2410 1501 2474 ἀλλήκτοιο’

373 2537 500 2589 τοῖος
534 2535 650 2602 ἔρως
685 2533 812 2587 ἰδέας
847 2531 1080 2597 ἀψευδέας
1115 2533 1215 2582 αἰὲν
1250 2533 1423 2582 εόντων

379 2665 428 2713 ἐν
462 2661 639 2728 φρεσὶν
673 2659 824 2712 οὐκέτ’
860 2658 1000 2710 ἔπειτ’
1037 2658 1382 2724 ἀφανιζομένοις
1417 2655 1679 2722 ἀναφαίνει·

379 2787 460 2837 καὶ
493 2785 618 2836 τόνδ’
655 2785 742 2835 οὐκ
778 2785 970 2849 ἀμέλεί,
1009 2783 1097 2834 οὐκ
1129 2779 1502 2848 οἶστροὸόνητος
1536 2780 1739 2845 ἐφορμή,
