2332 3126
626 320 761 361 THE
804 320 1059 365 COMJNG
1101 323 1185 366 OF
1216 323 1514 367 ARTHUR.

394 562 611 610 τοσαῦτα
650 561 790 621 λέξας
830 561 1132 629 δυσπέρατον
1166 565 1342 630 ἐκπερᾷ

396 660 640 711 στενωπὸν
670 660 837 711 Ἀιὸου
875 663 1053 727 μάντις,
1097 662 1154 712 οὗ
1188 665 1461 730 περαιτέρω,

397 757 495 807 οὐδ’
537 759 583 808 εἷ
616 781 686 814 τις
722 759 943 828 ἐξέροιτο,
976 762 1104 828 πλὴν
1145 765 1252 821 ἐκεῖ,
1299 763 1517 829 φράσων.

393 857 487 923 ἐγὼ
525 857 578 908 δὲ
616 859 681 924 τῷ
725 860 970 927 Κάλχαντι
1013 862 1308 928 συντυχοῦσ’
1351 861 1429 912 ὅτε

394 958 434 1006 εἶ
469 958 597 1009 ταῦτ’
637 959 823 1025 ἐτήτυμ’
866 960 956 1010 εἴτε
996 962 1176 1012 πλάστ’
1219 962 1477 1029 ἀνηρόμην,

394 1059 569 1108 κέλσαι
610 1059 872 1125 θαλάσσης
907 1063 1166 1126 παμφαοῦς
1205 1064 1489 1130 περιστεφὲς

389 1158 571 1224 γυμνὸν
609 1157 833 1224 δράκοντι
870 1158 955 1219 ξὺν
990 1162 1233 1227 παναιόλῳ
1265 1162 1462 1227 βρέφος,

388 1259 542 1324 γελῶν
578 1258 632 1309 τὸ
675 1258 734 1324 δὴ
778 1259 973 1325 ξύνηθες
1011 1260 1364 1328 ἀντεφθέγξατο

390 1358 745 1424 αἰνιγματωὸεἳς
784 1360 864 1410 καὶ
903 1363 1233 1426 παλαιφάτους
1274 1362 1462 1428 στίχας·

456 1458 570 1525 τῇδε
606 1459 695 1524 μὲν
738 1460 897 1526 αὐγῶν
932 1459 1045 1527 τῇδε
1082 1459 1122 1510 δ’
1165 1461 1244 1511 ἀπ’
1283 1460 1483 1528 ὄμβρων

457 1561 653 1626 κέχυται
688 1561 961 1627 πολύχρους
996 1560 1088 1628 ἶρις
1125 1561 1195 1611 ἐπ’
1238 1560 1416 1628 ἀγροῖς·

457 1658 564 1709 ἔστι
601 1657 643 1707 δ’
684 1657 858 1724 ἀληθὲς
893 1662 1033 1710 τοῦτο
1070 1661 1158 1726 μὲν
1197 1660 1324 1725 ἡμῖν,

458 1757 568 1822 ὑμῖν
608 1757 650 1807 δ’
692 1759 864 1826 ἕτερον·
914 1760 1071 1826 σαφὲς
1109 1759 1194 1809 οὗν
1234 1760 1373 1816 ἔστω,

524 1861 879 1924 κεκαλυμμένον
915 1859 994 1909 εἴτ’
1032 1859 1318 1909 ἅκάλυπτον.

455 1958 548 2023 ἡδὺ
583 1959 672 2024 μὲν
704 1957 911 2026 ὄμβροις
945 1959 1038 2023 ἡδὺ
1071 1958 1112 2008 δ’
1151 1961 1200 2008 ἐν
1236 1957 1338 2024 εΰιῃ

458 2059 677 2107 καλύκων
715 2057 849 2107 ἀνθεῖ
884 2058 1030 2123 γοίνος
1066 2057 1310 2122 αὐτοφυές·

457 2158 528 2210 τίς
564 2156 616 2207 δὲ
653 2155 820 2223 διέγνω
852 2156 1041 2223 ὃνοφέρ’
1080 2157 1342 2223 εἶλικρινῶν

456 2257 661 2324 βροτός;
709 2254 766 2316 ἐξ
798 2255 1008 2322 ἀφανοῦς
1042 2255 1324 2323 προφανέντ’
1366 2256 1550 2321 α’φανὴς

526 2356 794 2421 κευθμῶνος
828 2354 1018 2417 ἐδέξατο
1063 2355 1287 2421 κευθμών.

1680 2869 1816 2900 10—2

1841 329 1933 376 147
