2332 3126
547 306 1028 349 ‘INTJMATIONS
1071 306 1154 348 OF
1188 305 1698 350 JMMORTALITK’
1893 309 1987 358 215

392 535 427 602 ἦ
459 536 562 587 τάδ’
595 536 777 602 ἀκήκο’,
815 536 996 602 ἀκήκο’,
1034 537 1307 604 ε’ὕφράνθην
1338 536 1394 587 δέ
1422 536 1461 587 τ’
1497 536 1692 587 ἀκούων.

392 713 518 763 ἀλλὰ
549 713 646 781 γὰρ
682 716 735 765 ἐκ
771 716 963 765 πολλῶν
993 716 1239 780 μεμέληκέ
1265 736 1349 779 μοι
1384 714 1433 764 ἕν
1465 716 1528 780 γέ
1555 735 1601 764 τι
1635 712 1831 780 δένδρον

390 889 455 944 εἷς
488 890 649 957 ἀγρός,
687 889 724 939 ὦ
758 891 797 941 τ’
836 890 979 957 ἄμφω
1011 893 1099 957 μὲν
1136 891 1397 959 ἐπέδρακον
1431 894 1665 960 εἰσορόων
1700 892 1752 943 δὲ

391 1070 499 1121 οἶδά
529 1093 574 1121 τι
610 1072 690 1122 καὶ
723 1073 920 1122 ποθέων·
955 1073 1010 1123 τὸ
1046 1072 1099 1123 δὲ
1137 1073 1237 1140 πὰρ
1277 1074 1399 1124 ποσὶ
1432 1073 1604 1124 ταῦτόν
1636 1074 1801 1125 ὑπεῖπε

390 1247 619 1296 λευκόῖον·
654 1248 739 1297 ποῖ
769 1245 827 1311 δὴ
865 1247 1023 1312 φάσμ’
1059 1247 1242 1313 ἀγλαὸν
1277 1248 1589 1297 ἐκπεπόταται
1600 1264 1614 1305 ;

391 1427 486 1476 ποῦ
521 1425 562 1476 κ’
596 1426 663 1476 ἔτι
695 1427 1055 1493 μαρμαρόεντος
1090 1425 1306 1492 ῖδοίμεθα
1339 1429 1520 1494 φέγγος
1552 1427 1756 1494 ὀνείρους

461 1613 599 1677 κῶμα
636 1613 786 1677 μόνον
823 1613 950 1677 λήθη
990 1634 1042 1664 τε
1078 1614 1272 1680 βροτῶν
1303 1616 1454 1680 γένος·
1492 1613 1526 1679 ἢ
1568 1613 1620 1665 δὲ
1657 1615 1753 1666 σὺν
1790 1615 1905 1680 ἡμῖν

393 1785 524 1853 ψυχὴ
558 1788 917 1853 γιγνομένοισιν
953 1786 1198 1853 ἀνέσχεθε,
1233 1787 1478 1852 μόρσιμος
1511 1787 1686 1855 ἀστήρ,

397 1966 571 2017 ἄλλοθί
601 1988 695 2017 που
732 1966 963 2018 καταδῦσ’
1002 1967 1169 2017 ἕκαθέν
1204 1968 1351 2018 ποθεν
1385 1967 1681 2027 ἐξανέτειλεν.

399 2155 487 2206 οὐκ
527 2155 624 2222 ἄρα
667 2154 728 2220 δὴ
768 2155 958 2206 πάντων
991 2176 1049 2221 γε
1085 2156 1386 2220 λελασμένοι,
1427 2153 1515 2204 οὐκ
1554 2153 1651 2221 ἄρα
1688 2155 1861 2222 γυμνοὶΙ

400 2342 553 2405 πάντη
590 2338 652 2406 γ’,
696 2338 801 2389 ἀλλ’
841 2337 1015 2405 αἴγλην
1049 2336 1134 2388 τιν’
1169 2337 1476 2403 ἐφελκόμενοι
1512 2338 1751 2403 νεφελάων

402 2519 538 2585 δῶμα
572 2518 751 2585 πατρὸς
789 2518 1099 2584 προλιπόντες
1139 2517 1361 2582 ἱκάνομεν
1397 2516 1667 2567 ἀθανάτοιο.

407 2701 534 2766 ἀμφὶ
569 2702 756 2766 βρέφος
794 2698 965 2765 νεαρὸν
1004 2699 1193 2749 τέταται
1233 2700 1357 2763 φάος
1393 2697 1700 2763 οὐρανιῶνων·
