2332 3126
400 550 595 616 μορφὴν
629 548 868 616 διαρθρῶν
904 551 1113 602 ἰσοθέοις
1146 550 1459 614 τυκίσμασιν,

403 663 468 713 ὦν
503 666 679 717 κάλλος
713 664 763 713 αἱ
793 665 1012 730 γυναῖκες
1044 664 1387 728 ἐνθυμούμεναι

407 778 588 828 ἔτικτον
619 777 676 831 ἃς
708 779 778 831 τίς
813 779 900 827 οὐκ
936 776 1047 827 ἰδὼν
1083 778 1362 833 ἁλίσκεταις

407 895 651 960 ἐδείξαμεν
686 896 738 946 δὲ
771 898 861 947 τοῖκ
896 898 1056 961 φυτῶν
1091 898 1277 962 κρηνῶν
1307 897 1346 945 τ’
1383 895 1490 960 ἄκη,

409 1014 536 1078 αἱρεῖ
567 1012 619 1063 δὲ
648 1014 757 1067 τούς
791 1014 1012 1066 πίνοντας
1046 1012 1102 1071 ἐξ
1133 1011 1310 1078 ἄλγους
1340 1010 1498 1069 ὕπνος,

410 1127 559 1178 ὕπνου
596 1128 648 1178 δὲ
683 1129 885 1182 θάνατος
919 1128 1218 1193 ἐξομοιοῦται
1253 1129 1462 1193 τρόποις.

412 1244 729 1292 πολυπλάνων
764 1242 805 1292 δ’
843 1242 1017 1309 ἔφραζε
1051 1245 1481 1309 συμπεπλεγμένας

413 1357 609 1423 ἄστρων
643 1359 893 1411 κελεύθους
928 1357 1224 1424 στροφάδας,
1260 1358 1400 1422 ἥλιόν
1437 1359 1491 1416 θ’,
1530 1358 1639 1408 ὅθεν

411 1474 496 1523 τίν’
532 1474 721 1540 ἔρχεται
757 1476 1019 1539 κευθμῶνα,
1056 1475 1136 1524 καὶ
1168 1475 1322 1539 μήνης
1358 1476 1544 1531 κύκλον,

413 1590 570 1643 ποίαις
604 1589 801 1655 ἐπῳδαῖς
836 1590 989 1656 ὠχριᾷ
1024 1590 1313 1653 κηλούμενος

415 1707 653 1771 πελάγους
688 1707 1033 1772 οἷναυγήτοισιν
1068 1705 1117 1755 ἐν
1149 1708 1481 1772 μεταλλαγαῖς.

417 1822 648 1887 λινόπτερ’
685 1820 769 1870 οὖν
803 1822 1005 1888 ὀχήματ’
1042 1822 1272 1888 ἐμψύχοις
1308 1822 1396 1872 ἴσα

416 1938 485 1989 τίς
521 1935 666 1988 ἄλλος
701 1934 964 2000 ἐξηγήσατ’
1002 1937 1399 2001 οἶακοστροφεῖν;

420 2054 538 2118 ἔγνω
575 2051 626 2100 δὲ
663 2054 844 2114 Κέλτης
869 2049 1039 2099 Ἰνδον.
1111 2051 1211 2099 εἶτα
1245 2051 1487 2116 πλινθυφῆ

420 2172 482 2236 ἦν
517 2172 729 2236 σταθμά,
767 2171 940 2234 λευκὴν
975 2170 1015 2219 δ’
1050 2170 1198 2222 εὐαεῖς
1232 2170 1526 2235 παραστάδα

425 2287 642 2352 διῇσσον
676 2285 830 2351 αὖραι,
870 2286 1066 2337 κυάνεος
1100 2284 1139 2333 δ’
1177 2283 1315 2349 ὤφθη
1351 2287 1499 2337 πόλος

422 2407 598 2456 πόντου
632 2427 683 2455 τε
715 2404 930 2470 γλαυκὸν
964 2402 1071 2466 κῦμ’
1108 2402 1339 2452 ὖπόσκιοί
1372 2403 1410 2451 τ’
1447 2401 1604 2468 ἄκραι.

423 2519 595 2569 τοιαῦτ’
628 2519 836 2583 ἀφέρτου
868 2515 1091 2580 δαίμονος
1126 2515 1438 2580 κουφίσματα

425 2634 620 2699 βροτοῖς
651 2630 933 2704 Προμηθεὺς
966 2629 1123 2696 ηὗρεν,
1162 2628 1226 2678 ὧν
1255 2630 1519 2694 μετάρσιος

425 2749 525 2800 ταῖς
557 2747 920 2812 μοιροκράντοις
954 2746 1188 2808 πημοναῖς
1222 2743 1460 2802 αἰκίζεται.

274 324 465 367 FROM'
502 324 879 367 SHELLEY’S
919 325 1414 367 ‘PROMETHEUS
1461 326 1804 368 UNBOUND!

1877 320 1936 379 85
